@misc{Mtr,
	title="Матрица, её история и применение [Электронный ресурс].",
	howpublished="Режим доступа: \url{https://urok.1sept.ru/articles/637896} (дата обращения: 11.10.2022)."
}

@misc{Classic,
	title="Развитие алгоритмов матричного умножения [Электронный ресурс].",
	howpublished="Режим доступа: \url{https://novainfo.ru/article/18648} (дата обращения: 4.11.2022)."
}

@misc{Vin,
	title="Умножение матриц [Электронный ресурс].",
	howpublished="Режим доступа: \url{https://algolib.narod.ru/Math/Matrix.html} (дата обращения: 04.11.2023)."
}

@misc{Vin2,
	title="Реализация алгоритма умножения матриц по винограду на языке Haskell [Электронный ресурс].",
	howpublished="Режим доступа: \url{https://cyberleninka.ru/article/n/realizatsiya-algoritma-umnozheniya-matrits-po-vinogradu-na-yazyke-haskell} (дата обращения: 11.10.2022)."
}

@inbook{DamLev,
	author="Черненький В. М., Гапанюк Ю. Е.",
	title="Методика идентификации пассажира по установочным данным",
	publisher="-- М.: Вестник МГТУ им. Н.Э. Баумана. Сер. “Приборостроение”",
	volume=163,
	chapter=4,
	pages="30-34",
	language="russian",
	year=2012
}

@misc{pl,
	title="Справочник по языку C++ [Электронный ресурс].",
	howpublished="Режим доступа: \url{https://learn.microsoft.com/ru-ru/cpp/cpp/cpp-language-reference?view=msvc-170} (дата обращения: 28.09.2022)."
}

@misc{cpu_time_func,
	title="clock\_getres [Электронный ресурс].",
	howpublished="Режим доступа: \url{https://pubs.opengroup.org/onlinepubs/9699919799/functions/clock_getres.html} (дата обращения: 28.09.2022)."
}

@misc{os,
	title="Ubuntu 22.04.3 LTS (Jammy Jellyfish) [Электронный ресурс].",
	howpublished="Режим доступа: \url{https://releases.ubuntu.com/22.04/} (дата обращения: 28.09.2022)."
}

@misc{stras,
	title="МЕТОД ШТРАССЕНА [Электронный ресурс].",
	howpublished="Режим доступа: \url{https://elib.belstu.by/bitstream/123456789/31480/1/Cherenkov_Metod.pdf} (дата обращения: 29.10.2022)."
}

@misc{stras2,
	title="АЛГОРИТМ ШТРАССЕНА ДЛЯ УМНОЖЕНИЯ МАТРИЦ  [Электронный ресурс].",
	howpublished="Режим доступа: \url{https://elibrary.ru/download/elibrary_23140890_32362344.pdf} (дата обращения: 29.10.2022)."
}


