@misc{info_tsp,
	title="Задача коммивояжера --- метод ветвей и границ [Электронный ресурс].",
	howpublished="Режим доступа: \url{https://galyautdinov.ru/post/zadacha-kommivoyazhera} (дата обращения: 02.02.2024)."
}

@misc{info_antAlg,
	title="М.В. Ульянов Ресурсно-эффективные компютерные алгоритмы. Разработка и анализ",
	year=2007
}


@misc{info_pl,
	title="Python 3.12.1 documentation [Электронный ресурс].",
	howpublished="Режим доступа: \url{https://docs.python.org/3/index.html} (дата обращения: 03.02.2024)."
}

@misc{info_itertools,
	title="itertools - Functions creating iterators for efficient looping [Электронный ресурс].",
	howpublished="Режим доступа: \url{https://docs.python.org/3/library/itertools.html} (дата обращения: 03.02.2024)."
}

@misc{info_permutations,
	title="itertools - Functions creating iterators for efficient looping [Электронный ресурс].",
	howpublished="Режим доступа: \url{https://docs.python.org/3/library/itertools.html} (дата обращения: 03.02.2024)."
}

@misc{info_numpy,
	title="NumPy documentation [Электронный ресурс].",
	howpublished="Режим доступа: \url{https://numpy.org/doc/stable/} (дата обращения: 03.02.2024)."
}

@misc{info_cpu_time_func,
	title="time - Time access and conversions [Электронный ресурс].",
	howpublished="Режим доступа: \url{https://docs.python.org/3/library/time.html} (дата обращения: 03.02.2024)."
}

@misc{info_os,
	title="Ubuntu 22.04.3 LTS (Jammy Jellyfish) [Электронный ресурс].",
	howpublished="Режим доступа: \url{https://releases.ubuntu.com/22.04/} (дата обращения: 28.09.2022)."
}

@misc{info_compl_ant_alg,
	title="Реализация и сравнительный анализ алгоритмов различных типов для решения задачи коммивояжера [Электронный ресурс].",
	howpublished="Режим доступа: \url{http://elibrary.sgu.ru/VKR/2016/02-03-03_006.pdf} (дата обращения: 03.02.2024)."
}
