@misc{info_multithreading,
	title="Многопоточность в языке программирования С\# [Электронный ресурс].",
	howpublished="Режим доступа: \url{https://cyberleninka.ru/article/n/mnogopotochnost-v-yazyke-programmirovaniya-c} (дата обращения: 27.01.2024)."
}

@misc{info_ngram,
	title="N-граммы в лингвистике [Электронный ресурс].",
	howpublished="Режим доступа: \url{https://cyberleninka.ru/article/n/n-grammy-v-lingvistike} (дата обращения: 27.01.2024)."
}

@misc{radix_wiki,
	title="Поразрядная сортировка [Электронный ресурс].",
	howpublished="Режим доступа: \url{https://en.wikipedia.org/wiki/Radix_sort} (дата обращения: 21.11.2023)."
}


@misc{pl,
	title="Справочник по языку C++ [Электронный ресурс].",
	howpublished="Режим доступа: \url{https://learn.microsoft.com/ru-ru/cpp/cpp/cpp-language-reference?view=msvc-170} (дата обращения: 28.09.2022)."
}

@misc{cpu_time_func,
	title="clock\_getres [Электронный ресурс].",
	howpublished="Режим доступа: \url{https://pubs.opengroup.org/onlinepubs/9699919799/functions/clock_getres.html} (дата обращения: 28.09.2022)."
}

@misc{os,
	title="Ubuntu 22.04.3 LTS (Jammy Jellyfish) [Электронный ресурс].",
	howpublished="Режим доступа: \url{https://releases.ubuntu.com/22.04/} (дата обращения: 28.09.2022)."
}

