@misc{info_conveyor,
	title="Конвейерная обработка данных [Электронный ресурс].",
	howpublished="Режим доступа: \url{https://studfile.net/preview/1083252/page:25/} (дата обращения: 01.02.2024)."
}

@misc{info_ngram,
	title="N-граммы в лингвистике [Электронный ресурс].",
	howpublished="Режим доступа: \url{https://cyberleninka.ru/article/n/n-grammy-v-lingvistike} (дата обращения: 27.01.2024)."
}

@misc{info_thread,
	title="std::thread [Электронный ресурс].",
	howpublished="Режим доступа: \url{https://en.cppreference.com/w/cpp/thread/thread} (дата обращения: 27.01.2024)."
}


@misc{pl,
	title="Справочник по языку C++ [Электронный ресурс].",
	howpublished="Режим доступа: \url{https://learn.microsoft.com/ru-ru/cpp/cpp/cpp-language-reference?view=msvc-170} (дата обращения: 28.09.2022)."
}

@misc{cpu_time_func,
	title="clock\_getres [Электронный ресурс].",
	howpublished="Режим доступа: \url{https://pubs.opengroup.org/onlinepubs/9699919799/functions/clock_getres.html} (дата обращения: 28.09.2022)."
}

@misc{info_os,
	title="Ubuntu 22.04.3 LTS (Jammy Jellyfish) [Электронный ресурс].",
	howpublished="Режим доступа: \url{https://releases.ubuntu.com/22.04/} (дата обращения: 28.09.2022)."
}

