@misc{Lev,
	title="Fine-tuning and aligning question answering models for complex
	information extraction tasks [Электронный ресурс].",
	howpublished="Режим доступа: \url{https://arxiv.org/pdf/2309.14805.pdf} (дата обращения: 09.10.2022)."
}


@inbook{DamLev,
	author="Черненький В. М., Гапанюк Ю. Е.",
	title="Методика идентификации пассажира по установочным данным",
	publisher="-- М.: Вестник МГТУ им. Н.Э. Баумана. Сер. “Приборостроение”",
	volume=163,
	chapter=4,
	pages="30-34",
	language="russian",
	year=2012
}

@misc{pl,
	title="Справочник по языку C++ [Электронный ресурс].",
	howpublished="Режим доступа: \url{https://learn.microsoft.com/ru-ru/cpp/cpp/cpp-language-reference?view=msvc-170} (дата обращения: 28.09.2022)."
}

@misc{cpu_time_func,
	title="clock\_getres [Электронный ресурс].",
	howpublished="Режим доступа: \url{https://pubs.opengroup.org/onlinepubs/9699919799/functions/clock_getres.html} (дата обращения: 28.09.2022)."
}

@misc{os,
	title="Ubuntu 22.04.3 LTS (Jammy Jellyfish) [Электронный ресурс].",
	howpublished="Режим доступа: \url{https://releases.ubuntu.com/22.04/} (дата обращения: 28.09.2022)."
}

