@misc{bucket_wiki,
	title="Блочная сортировка [Электронный ресурс].",
	howpublished="Режим доступа: \url{https://en.wikipedia.org/wiki/Bucket_sort} (дата обращения: 21.11.2023)."
}

@misc{merge_wiki,
	title="Сортировка слиянием [Электронный ресурс].",
	howpublished="Режим доступа: \url{https://en.wikipedia.org/wiki/Merge_sort} (дата обращения: 21.11.2023)."
}

@misc{radix_wiki,
	title="Поразрядная сортировка [Электронный ресурс].",
	howpublished="Режим доступа: \url{https://en.wikipedia.org/wiki/Radix_sort} (дата обращения: 21.11.2023)."
}

@inbook{DamLev,
	author="Черненький В. М., Гапанюк Ю. Е.",
	title="Методика идентификации пассажира по установочным данным",
	publisher="-- М.: Вестник МГТУ им. Н.Э. Баумана. Сер. “Приборостроение”",
	volume=163,
	chapter=4,
	pages="30-34",
	language="russian",
	year=2012
}

@misc{pl,
	title="Справочник по языку C++ [Электронный ресурс].",
	howpublished="Режим доступа: \url{https://learn.microsoft.com/ru-ru/cpp/cpp/cpp-language-reference?view=msvc-170} (дата обращения: 28.09.2022)."
}

@misc{cpu_time_func,
	title="clock\_getres [Электронный ресурс].",
	howpublished="Режим доступа: \url{https://pubs.opengroup.org/onlinepubs/9699919799/functions/clock_getres.html} (дата обращения: 28.09.2022)."
}

@misc{os,
	title="Ubuntu 22.04.3 LTS (Jammy Jellyfish) [Электронный ресурс].",
	howpublished="Режим доступа: \url{https://releases.ubuntu.com/22.04/} (дата обращения: 28.09.2022)."
}

