@misc{smt,
	title="Статистическая система машинного перевода [Электронный ресурс].",
	howpublished="--- Режим доступа: \url{https://elib.bsu.by/bitstream/123456789/92831/1/58.pdf} (дата обращения: 08.11.2023)."
}

@misc{smt2,
	title="Обзор аналитической, статистической и нейронной
	технологий машинного перевода [Электронный ресурс].",
	howpublished="--- Режим доступа: \url{https://elibrary.ru/download/elibrary_32782386_78190438.pdf} (дата обращения: 08.11.2023)."
}

@book{smt_book,
	author = "Philipp Koehn",
	title = "Statistical Machine Translation",
	address = "The Edinburgh Building, Cambridge CB2 8RU, UK",
	publisher = "CAMBRIDGE UNIVERSITY PRESS",
	year = 2010,
	numpages = 447,
	language = "english"
}