@misc{smt,
	title="Статистическая система маашинного перевода [Электронный ресурс].",
	howpublished="--- Режим доступа: \url{https://elib.bsu.by/bitstream/123456789/92831/1/58.pdf} (дата обращения: 07.10.2023)."
}

@misc{smt2,
	title="Современные системы машинного перевода.
	Статический машинный перевод [Электронный ресурс].",
	howpublished="--- Режим доступа: \url{https://elibrary.ru/download/elibrary_32330475_28416879.pdf} (дата обращения: 08.10.2023)."
}